<collection xmlns="http://www.loc.gov/MARC21/slim">
<record>
  <leader>01523nam0a22003011i 450 </leader>
  <controlfield tag="001">IT\ICCU\CNCE\078404</controlfield>
  <controlfield tag="005">20140212000000.0</controlfield>
  <datafield tag="012" ind1=" " ind2=" ">
    <subfield code="a">i-n) i:r. t,ra mial (3) 1542 (R)</subfield>
    <subfield code="2">fei</subfield>
  </datafield>
  <datafield tag="100" ind1=" " ind2=" ">
    <subfield code="a">20140212d1542        0itac0103    ba</subfield>
  </datafield>
  <datafield tag="101" ind1=" " ind2=" ">
    <subfield code="a">LAT</subfield>
  </datafield>
  <datafield tag="102" ind1=" " ind2=" ">
    <subfield code="a">IT</subfield>
  </datafield>
  <datafield tag="200" ind1="1" ind2=" ">
    <subfield code="a">De ecclesiastica republica reuerendi sacre thaeologiae doctoris: magistri Paduani de Grassis Venetiarum studii regentis: in conuentu fratrum minorum. Didymo, &amp; Philotheo colloquentibus</subfield>
  </datafield>
  <datafield tag="210" ind1=" " ind2=" ">
    <subfield code="a">Impressum Mutinae</subfield>
    <subfield code="c">per Ioannem de Nicolis</subfield>
    <subfield code="d">die decimo nono Octobris 1542</subfield>
  </datafield>
  <datafield tag="215" ind1=" " ind2=" ">
    <subfield code="a">LXIIII \i.e. 68! c.</subfield>
    <subfield code="c">ill.</subfield>
    <subfield code="d">8ʻ</subfield>
  </datafield>
  <datafield tag="620" ind1=" " ind2=" ">
    <subfield code="a">IT</subfield>
    <subfield code="d">Modena</subfield>
  </datafield>
  <datafield tag="700" ind1=" " ind2="1">
    <subfield code="a">De_Grassis,</subfield>
    <subfield code="b">Padovano</subfield>
    <subfield code="3">IT\ICCU\CNCA\004675</subfield>
  </datafield>
  <datafield tag="712" ind1="0" ind2="0">
    <subfield code="a">Nicoli, Giovanni</subfield>
    <subfield code="3">IT\ICCU\CNCT\001651</subfield>
    <subfield code="4">650</subfield>
  </datafield>
  <datafield tag="790" ind1=" " ind2="1">
    <subfield code="a">Grassis,</subfield>
    <subfield code="b">Padovano : de</subfield>
    <subfield code="3">IT\ICCU\CNCA\004676</subfield>
    <subfield code="z">De_Grassis, Padovano</subfield>
  </datafield>
  <datafield tag="790" ind1=" " ind2="1">
    <subfield code="a">Crasso,</subfield>
    <subfield code="b">Padovano</subfield>
    <subfield code="3">IT\ICCU\CNCA\004677</subfield>
    <subfield code="z">De_Grassis, Padovano</subfield>
  </datafield>
  <datafield tag="790" ind1=" " ind2="1">
    <subfield code="a">Barletta,</subfield>
    <subfield code="b">Paduanus</subfield>
    <subfield code="3">IT\ICCU\CNCA\004678</subfield>
    <subfield code="z">De_Grassis, Padovano</subfield>
  </datafield>
  <datafield tag="790" ind1=" " ind2="1">
    <subfield code="a">Grassus,</subfield>
    <subfield code="b">Paduanus</subfield>
    <subfield code="3">IT\ICCU\CNCA\015165</subfield>
    <subfield code="z">De_Grassis, Padovano</subfield>
  </datafield>
  <datafield tag="791" ind1="0" ind2="0">
    <subfield code="a">Niccoli, Giovanni</subfield>
    <subfield code="3">IT\ICCU\CNCT\002425</subfield>
    <subfield code="z">Nicoli, Giovanni</subfield>
  </datafield>
  <datafield tag="791" ind1="0" ind2="0">
    <subfield code="a">De_Nicola, Giovanni</subfield>
    <subfield code="3">IT\ICCU\CNCT\002426</subfield>
    <subfield code="z">Nicoli, Giovanni</subfield>
  </datafield>
  <datafield tag="791" ind1="0" ind2="0">
    <subfield code="a">Nicolis, Ioannes de</subfield>
    <subfield code="3">IT\ICCU\CNCT\002714</subfield>
    <subfield code="z">Nicoli, Giovanni</subfield>
  </datafield>
  <datafield tag="791" ind1="0" ind2="0">
    <subfield code="a">Nicolus, Ioannes</subfield>
    <subfield code="3">IT\ICCU\CNCT\005113</subfield>
    <subfield code="z">Nicoli, Giovanni</subfield>
  </datafield>
  <datafield tag="801" ind1=" " ind2="3">
    <subfield code="a">IT</subfield>
    <subfield code="b">ICCU</subfield>
    <subfield code="c">20201115</subfield>
  </datafield>
  <datafield tag="899" ind1=" " ind2=" ">
    <subfield code="a">Biblioteca comunale. Carpi</subfield>
    <subfield code="z">(mutilo del front.)</subfield>
    <subfield code="1">MO0012</subfield>
    <subfield code="2">MOD CR</subfield>
  </datafield>
  <datafield tag="899" ind1=" " ind2=" ">
    <subfield code="a">Biblioteca comunale Giuseppe Taroni. Bagnacavallo</subfield>
    <subfield code="1">RA0002</subfield>
    <subfield code="2">RAV BC</subfield>
  </datafield>
</record>
</collection>
